@article{lopez2010implementation,
  title={Implementation of an integrated management system in an airline: a case study},
  author={L{\'o}pez-Fresno, Palmira},
  journal={The TQM Journal},
  volume={22},
  number={6},
  pages={629--647},
  year={2010},
  publisher={Emerald Group Publishing Limited}
}