@book{ipcc2018,
  title={Global Warming of 1.5°C: An IPCC Special Report on the Impacts of Global Warming of 1.5°C Above Pre-Industrial Levels and Related Global Greenhouse Gas Emission Pathways},
  author={IPCC},
  year={2018},
  publisher={Intergovernmental Panel on Climate Change}
}

@techreport{noaa2020,
  title={Climate Change: Global Temperature},
  author={NOAA},
  year={2020},
  institution={National Oceanic and Atmospheric Administration}
}

@article{parmesan2006,
  title={Ecological and Evolutionary Responses to Recent Climate Change},
  author={Parmesan, Camille},
  journal={Annual Review of Ecology, Evolution, and Systematics},
  volume={37},
  pages={637--669},
  year={2006},
  publisher={Annual Reviews}
}

@book{nordhaus2017,
  title={The Climate Casino: Risk, Uncertainty, and Economics for a Warming World},
  author={Nordhaus, William},
  year={2017},
  publisher={Yale University Press}
}

@article{islam2017,
  title={Climate Change and Social Inequality},
  author={Islam, S. Nazrul and Winkel, John},
  journal={United Nations Department of Economic and Social Affairs (DESA) Working Paper},
  volume={152},
  year={2017}
}

@article{stern2006,
  title={Stern Review: The Economics of Climate Change},
  author={Stern, Nicholas},
  year={2006},
  journal={HM Treasury, London}
}

@article{pacala2004,
  title={Stabilization Wedges: Solving the Climate Problem for the Next 50 Years with Current Technologies},
  author={Pacala, Stephen and Socolow, Robert},
  journal={Science},
  volume={305},
  number={5686},
  pages={968--972},
  year={2004},
  publisher={American Association for the Advancement of Science}
}

@article{jacobson2011,
  title={Providing all global energy with wind, water, and solar power, Part I: Technologies, energy resources, quantities and areas of infrastructure, and materials},
  author={Jacobson, Mark Z. and Delucchi, Mark A.},
  journal={Energy Policy},
  volume={39},
  number={3},
  pages={1154--1169},
  year={2011},
  publisher={Elsevier}
}

@article{adger2005,
  title={Social-ecological Resilience to Coastal Disasters},
  author={Adger, W. Neil and Hughes, Terry P. and Folke, Carl and Carpenter, Stephen R. and Rockström, Johan},
  journal={Science},
  volume={309},
  number={5737},
  pages={1036--1039},
  year={2005},
  publisher={American Association for the Advancement of Science}
}

@book{keohane2016,
  title={Cooperation and Discord in Global Climate Policy},
  author={Keohane, Robert O. and Victor, David G.},
  year={2016},
  publisher={Princeton University Press}
}

@book{moser2007,
  title={Creating a Climate for Change: Communicating Climate Change and Facilitating Social Change},
  author={Moser, Susanne C. and Dilling, Lisa},
  year={2007},
  publisher={Cambridge University Press}
}

@article{ostrom2010,
  title={Polycentric Systems for Coping with Collective Action and Global Environmental Change},
  author={Ostrom, Elinor},
  journal={Global Environmental Change},
  volume={20},
  number={4},
  pages={550--557},
  year={2010},
  publisher={Elsevier}
}
